@comment{x-kbibtex-personnameformatting=<%f ><%l>}

@inproceedings{cetrangolo2002b,
	author = "H. Cetr{\'a}ngolo and M. Carlevaro and S. Fern{\'a}ndez",
	booktitle = "{Paradoxes in food chains and networks: proceedings of the fifth International Conference on Chain and Network Management in Agribusiness and the Food Industry}",
	editor = "J.H. Trienekens and S.W.F. Omta",
	location = "Noordwijk, The Netherlands",
	pages = "829--839",
	publisher = "Wageningen Academic Publishers",
	title = "{Limitations for Efficiency within the Beef Agrifood Chain in Argentina}",
	year = "2002"
}

@inproceedings{afa2013,
	author = "C.M. Carlevaro and R.M. Irastorza and L.A. Pugnaloni",
	language = "spanish",
	note = "98$^{\circ}$ Reuni{\'o}n Nacional de la Asociaci{\'o}n F{\'i}sica Argentina. San Carlos de Bariloche, R{\'i}o Negro, 24 -- 27 de septiembre.",
	title = "{\textit{Simulaci{\'o}n de un modelo granular con alto confinamiento}}",
	year = "2013"
}

@inproceedings{afa2013b,
	author = "D.G. Renzi and C.O. Stoico and R.M. Irastorza and C.M. Carlevaro and F. Vericat",
	note = "98$^{\circ}$ Reuni{\'o}n Nacional de la Asociaci{\'o}n F{\'i}sica Argentina. San Carlos de Bariloche, R{\'i}o Negro, 24 -- 27 de septiembre.",
	title = "{\textit{Determinaci{\'o}n de potenciales estad{\'i}sticos entre pares de amino{\'a}cidos obtenidos a partir de estructuras de prote{\'i}nas}}",
	year = "2013"
}

@inproceedings{trefemac2013,
	author = "M. Carlevaro and M. S{\'a}nchez and G. Rosenthal and L.A. Pugnaloni",
	note = "Comunicaci{\'o}n oral en el XI Congreso Regional de F{\'i}sica Estad{\'i}stica y Aplicaciones a la Materia Condensada. La Plata, Buenos Aires, 8 -- 10 de mayo.",
	title = "{\textit{Colapso inel{\'a}stico en materia granular y respuesta universal de amortiguadores de part{\'i}culas}}",
	year = "2013"
}

@inproceedings{swgm2012,
	author = "C. Manuel Carlevaro and Luis A. Pugnaloni",
	note = "Southern Workshop on Granular Materials 2012. Puerto Varas, Chile, 4 -- 7 de diciembre.",
	title = "{\textit{Arches and contact forces in a granular pile}}",
	year = "2012"
}

@inproceedings{afa2012,
	author = "D.G. Renzi and C.O. Stoico and C.M. Carlevaro and F. Vericat",
	note = "97$^{\circ}$ Reuni{\'o}n Nacional de la Asociaci{\'o}n F{\'i}sica Argentina. Villa Carlos Paz, C{\'o}rdoba, 25 -- 28 de septiembre.",
	title = "{\textit{Utilizaci{\'o}n de potenciales de fuerza media y algoritmo gen{\'e}tico para la b{\'u}squeda de la secuencia nativa de una prote{\'i}na globular}}",
	year = "2012"
}

@inproceedings{afa2012b,
	author = "R.M. Irastorza and M. Carlevaro and F. Vericat",
	note = "97$^{\circ}$ Reuni{\'o}n Nacional de la Asociaci{\'o}n F{\'i}sica Argentina. Villa Carlos Paz, C{\'o}rdoba, 25 -- 28 de septiembre.",
	title = "{\textit{Simulaci{\'o}n de propiedades diel{\'e}ctricas de tejido {\'o}seo trabecular}}",
	year = "2012"
}

@inproceedings{afa2012c,
	author = "M. Carlevaro and M. S{\'a}nchez and L. Pugnaloni",
	note = "97$^{\circ}$ Reuni{\'o}n Nacional de la Asociaci{\'o}n F{\'i}sica Argentina. Villa Carlos Paz, C{\'o}rdoba, 25 -- 28 de septiembre.",
	title = "{\textit{Efecto de la forma de granos y fragmentaci{\'o}n en amortiguamiento granular}}",
	year = "2012"
}

@inproceedings{trefemac2012,
	author = "C.M. Carlevaro and L.A. Pugnaloni",
	note = "10$^{\circ}$ Congreso Regional de F{\'i}sica Estad{\'i}stica y Aplicaciones a la Materia Condensada. La Falda, C{\'o}rdoba, 2 -- 4 de mayo.",
	title = "{\textit{Arcos y fuerzas de contacto en una pila de granos}}",
	year = "2012"
}

@inproceedings{afa2011,
	author = "C. O. Stoico and C. M. Carlevaro and F. Vericat",
	note = "II Reuni{\'o}n Conjunta de la Sociedad Uruguaya de F{\'i}sica y la Asociaci{\'o}n F{\'i}sica Argentina. Montevideo, Uruguay, 20 -- 23 de septiembre.",
	title = "{\textit{Optimizaci{\'o}n de la GMSA para el modelo primitivo de electrolito mediante un algoritmo gen{\'e}tico}}",
	year = "2011"
}

@inproceedings{afa2011a,
	author = "R. Irastorza and M. Carlevaro and F. Vericat",
	note = "II Reuni{\'o}n Conjunta de la Sociedad Uruguaya de F{\'i}sica y la Asociaci{\'o}n F{\'i}sica Argentina. Montevideo, Uruguay, 20 -- 23 de septiembre.",
	title = "{\textit{Permitividad efectiva en medios con inclusiones de geometr{\'i}as arbitrarias}}",
	year = "2011"
}

@inproceedings{trefemac2011,
	author = "C.O. Stoico and C.M. Carlevaro and D.G. Renzi and F. Vericat",
	note = "9$^{\circ}$ Taller Regional de F{\'i}sica Estad{\'i}stica y Aplicaciones a la Materia Condensada. Villa de Merlo, San Luis, 4 -- 6 de mayo.",
	title = "{\textit{Gas de electrones en 3D: algoritmo gen{\'e}tico para la funci{\'o}n de distribuci{\'o}n}}",
	year = "2011"
}

@inproceedings{hk2011,
	author = "C.M. Carlevaro and L.A. Pugnaloni",
	note = "Humboldt Kolleg - International Conference on Physics, La Plata, Argentina, 27 -- 31 de marzo.",
	title = "{\textit{Density Gap in equilibrium states of packings of polygonal grains}}",
	year = "2011"
}

@inproceedings{bsmc2010,
	author = "Ernesto R. Caffarena and Carlos M. Carlevaro and Wilson Savino",
	note = "$5^{ \textrm{th}}$ Brazilian Symposium on Medicinal Chemistry. Ouro Preto, Brasil, 6 -- 9 de noviembre",
	title = "{\textit{Binding mode of a highly potent and orally active $\alpha 4 \beta 1$ antagonist determined by Free Energy Perturbation calculations}}",
	year = "2010"
}

@inproceedings{afa2010,
	author = "C. M. Carlevaro and L. A. Pugnaloni and F. Vericat",
	note = "95$^a$ Reuni{\'o}n Nacional de la Asociaci{\'o}n F{\'i}sica Argentina. Malarg{\"u}e, Mendoza, del 28 de septiembre al 1 de octubre.",
	title = "{\textit{Estudio de la transici{\'o}n gas-l{\'i}quido para un fluido de Lennard-Jones mediante teor{\'i}a de percolaci{\'o}n}}",
	year = "2010"
}

@inproceedings{swgm2009,
	author = "Luis A. Pugnaloni and Iv{\'a}n S{\'a}nchez and Paula A. Gago and Mart{\'i}n Mizrahi and Nicol{\'a}s E. Bueno and Diego Maza and Iker Zuriguel and Manuel Carlevaro and Fernando Vericat",
	note = "Southern Workshop on Granular Materials 2009, Vi{\~n}a del Mar, Chile, 30 de noviembre -- 4 de diciembre",
	title = "{\textit{Equivalence of equilibrium states in tapped granular beds}}",
	year = "2009"
}

@inproceedings{afa2009,
	author = "F. Vericat and C. Carlevaro and D. Renzi and C. Stoico",
	note = "94$^a$ Reuni{\'o}n Nacional de la Asociaci{\'o}n F{\'i}sica Argentina, Rosario, 14 -- 18 de septiembre.",
	title = "{\textit{Teor{\'i}a variacional de una mezcla de fermiones en una dimensi{\'o}n}}",
	year = "2009"
}

@inproceedings{trefemac2009,
	author = "Paula A. Gago and Iv{\'a}n S{\'a}nchez and Luis A. Pugnaloni and Mart{\'i}n Mizrahi and Diego Maza and Manuel Carlevaro and Fernando Vericat",
	note = "VII Taller Regional de F{\'i}sica Estad{\'i}stica y Aplicaciones a la Materia Condensada, Santa Rosa, 4 -- 6 de mayo.",
	title = "{\textit{Compactaci{\'o}n y descompactaci{\'o}n de un medio granular usando batidos}}",
	year = "2009"
}

@inproceedings{afa2008,
	author = "Luis A. Pugnaloni and Carlos M. Carlevaro and Marcos G. Valluzzi and Fernando Vericat",
	note = "93$^a$ Reuni{\'o}n Nacional de F{\'i}sica de la Asociaci{\'o}n F{\'i}sica Argentina y XI$^{\circ}$ Reuni{\'o}n de la Sociedad Uruguaya de F{\'i}sica, Buenos Aires, 15 -- 19 de septiembre.",
	title = "{\textit{Percolaci{\'o}n continua de agregados de larga vida en un fluido simple}}",
	year = "2008"
}

@inproceedings{trefemac2008,
	author = "Luis A. Pugnaloni and Mart{\'i}n Mizrahi and Carlos M. Carlevaro and Fernando Vericat",
	note = "VI Taller Regional de Fisica Estad{\'i}stica y Aplicaciones a la Materia Condensada. San Carlos de Bariloche, R{\'i}o Negro. 5 -- 7 de mayo.",
	title = "{\textit{La rama reversible de un medio granular sometido a batidos no es mon{\'o}notona}}",
	year = "2008"
}

@inproceedings{afa2007,
	author = "C.M. Carlevaro and H. Riojas Roldan and F. Vericat",
	note = "92$^a$ Reuni{\'o}n Nacional de F{\'i}sica de la Asociaci{\'o}n F{\'i}sica Argentina, Salta, 24 -- 28 de septiembre.",
	title = "{\textit{Estudio del empaquetamiento de prote{\'i}nas utilizando un modelo de cruces}}",
	year = "2007"
}

@inproceedings{afa2007a,
	author = "L.A. Pugnaloni and C.M. Carlevaro and F. Vericat",
	note = "92$^a$ Reuni{\'o}n Nacional de F{\'i}sica de la Asociaci{\'o}n F{\'i}sica Argentina, Salta, 24 -- 28 de septiembre.",
	title = "{\textit{Efecto del protocolo de expansi{\'o}n en la deposici{\'o}n de materia granular}}",
	year = "2007"
}

@inproceedings{trefemac2007,
	author = "H. Riojas Rold{\'a}n and M. Carlevaro and F. Vericat",
	note = "V Taller Regional de Fisica Estad{\'i}stica y Aplicaciones a la Materia Condensada. San Rafael, Mendoza. 30 de abril -- 2 de mayo.",
	title = "{\textit{Estudio de la relaci{\'o}n entre el n{\'u}mero medio de cruces y la secuencia de un heteropol{\'i}mero de dos letras}}",
	year = "2007"
}

@inproceedings{trefemac2007a,
	author = "M. Carlevaro and M.V. Wilkinson and L. Barrios",
	note = "V Taller Regional de Fisica Estad{\'i}stica y Aplicaciones a la Materia Condensada. San Rafael, Mendoza. 30 de abril -- 2 de mayo.",
	title = "{\textit{An{\'a}lisis de espectros gama utilizando un algoritmo gen{\'e}tico}}",
	year = "2007"
}

@inproceedings{afa2004,
	author = "A. A. Melgarejo and M. Carlevaro and D. Vallejo and F. Vericat",
	note = "89$^a$ Reuni{\'o}n Nacional de F{\'i}sica. Bah{\'i}a Blanca, 20 -- 23 de septiembre.",
	title = "{\textit{Relaci{\'o}n entre los coeficientes de transporte y elementos de una m{\'e}trica termodin{\'a}mica}}",
	year = "2004"
}

@inproceedings{aaea2002,
	author = "Hugo Cetr{\'a}ngolo and Manuel Carlevaro and Sandra Fern{\'a}ndez",
	note = "XXXIII Reuni{\'o}n Anual de la Asociaci{\'o}n Argentina de Econom{\'i}a Agraria, Buenos Aires, 23 -- 25 de octubre.",
	title = "{\textit{Cadena agroalimentaria de la miel: modelo y simulaci{\'o}n}}",
	year = "2002"
}

@inproceedings{aaea2002a,
	author = "Hugo Cetr{\'a}ngolo and Gustavo Mozeris and Manuel Carlevaro",
	note = "XXXIII Reuni{\'o}n Anual de la Asociaci{\'o}n Argentina de Econom{\'i}a Agraria, Buenos Aires, 23 -- 25 de octubre.",
	title = "{\textit{An{\'a}lisis de competitividad de la cadena de carne bovina}}",
	year = "2002"
}

@inproceedings{cnmafi2002,
	author = "H. Cetr{\'a}ngolo and M. Carlevaro and S. Fern{\'a}ndez",
	note = "Fifth International Conference on Chain and Network Management in Agribusiness and Food Industry, Noordwijk, Holanda, 6 -- 8 de junio.",
	title = "{\textit{Limitations for Efficiency within the Beef Agrifood Chain in Argentina}}",
	year = "2002"
}

@inproceedings{eaa2001,
	author = "M. Carlevaro and H. Cetr{\'a}ngolo and S. Fern{\'a}ndez",
	note = "Segundas Jornadas Interdisciplinarias de Estudios Agrarios y Agroindustriales. Buenos Aires, 7 -- 9 de noviembre.",
	title = "{\textit{Limitaciones en la competitividad de la cadena agroalimentaria del girasol}}",
	year = "2001"
}

@inproceedings{afa2001,
	author = "M. Carlevaro and F. Vericat and L. Blum",
	note = "86$^a$ Reuni{\'o}n Nacional de F{\'i}sica. Rosario, 18 --21 de septiembre.",
	title = "{\textit{Aproximaciones esf{\'e}ricas medias generalizadas para un modelo de agua l{\'i}quida}}",
	year = "2001"
}

@inproceedings{afa2000,
	author = "D. G. Renzi and C. M. Carlevaro and C. O. Stoico and F. Vericat",
	note = "85$^a$ Reuni{\'o}n Nacional de F{\'i}sica. Buenos Aires, septiembre.",
	title = "{\textit{Estudio del efecto hidrof{\'o}bico en amino{\'a}cidos apolares}}",
	year = "2000"
}

@inproceedings{afa2000a,
	author = "M. Carlevaro and F. Vericat and L. Blum",
	note = "85$^a$ Reuni{\'o}n Nacional de F{\'i}sica. Buenos Aires, septiembre.",
	title = "{\textit{Modelo anal{\'i}tico de agua l{\'i}quida en la aproximaci{\'o}n esf{\'e}rica media generalizada}}",
	year = "2000"
}

@inproceedings{sab1999,
	author = "D.G. Renzi and C.M. Carlevaro and F. Vericat",
	note = "XXVIII Reuni{\'o}n anual de la Sociedad Argentina de Biof{\'i}sica, La Cumbre, noviembre.",
	title = "{\textit{Escala de hidrofobicidad para amino{\'a}cidos apolares a partir de din{\'a}mica molecular}}",
	year = "1999"
}

@inproceedings{afa1999,
	author = "D.G. Renzi and C.M. Carlevaro and F. Vericat",
	note = "84$^a$ Reuni{\'o}n Nacional de F{\'i}sica. Tucum{\'a}n, septiembre.",
	title = "{\textit{Solvataci{\'o}n de amino{\'a}cidos apolares}}",
	year = "1999"
}

@inproceedings{sab1998,
	author = "D. Renzi and M. Carlevaro and F. Vericat",
	note = "XXVII Reuni{\'o}n Anual de la Sociedad Argentina de Biof{\'i}sica, La Plata, diciembre.",
	title = "{\textit{Estudio de la solvataci{\'o}n de amino{\'a}cidos mediante din{\'a}mica molecular}}",
	year = "1998"
}

@inproceedings{afa1998,
	author = "M. Carlevaro and F. Vericat and L. Blum",
	note = "83$^a$ Reuni{\'o}n Nacional de F{\'i}sica. La Plata, septiembre.",
	title = "{\textit{Modelo esf{\'e}rico medio generalizado de agua}}",
	year = "1998"
}

@inproceedings{icb1997,
	author = "E. R. Caffarena and S. G. Kalko and M. Carlevaro and J. R Grigera",
	note = "Satellite Workshop of the III Iberoamerican Congress of Biophysics, Buenos Aires, September 24",
	title = "{\textit{Modelling by molecular dynamics of systems of biological interest}}",
	year = "1997"
}

@inproceedings{afa1997,
	author = "M. Carlevaro and E. Caffarena and F. Vericat and J. R. Grigera",
	note = "82$^a$ Reuni{\'o}n Nacional de F{\'i}sica. San Luis, septiembre.",
	title = "{\textit{Simulaci{\'o}n de xilitol en agua mediante din{\'a}mica molecular con actualizaci{\'o}n de cargas parciales at{\'o}micas}}",
	year = "1997"
}

@inproceedings{sab1996,
	author = "Manuel Carlevaro and Ernesto Caffarena and Fernando Vericat and J. Ra{\'u}l Grigera",
	note = "XXVa Reuni{\'o}n Anual de la Sociedad Argentina de Biof{\'i}sica. S. C. de Bariloche, noviembre.",
	title = "{\textit{Efecto del xilitol en la estructura y din{\'a}mica del agua}}",
	year = "1996"
}

@inproceedings{afa1996,
	author = "M. Carlevaro and A. M. Mes{\'o}n and F. Vericat",
	note = "81$^a$ Reuni{\'o}n Nacional de F{\'i}sica. Tandil, septiembre.",
	title = "{\textit{Relaci{\'o}n entre la secuencia y el n{\'u}mero medio de cruzamientos en heteropol{\'i}meros de dos letras}}",
	year = "1996"
}

@inproceedings{sab1995,
	author = "F. Vericat and A. Mes{\'o}n and M. Carlevaro",
	note = "XXIVa Reuni{\'o}n Anual de la Sociedad Argentina de Biof{\'i}sica. Bah{\'i}a Blanca",
	title = "{\textit{Estudio anal{\'i}tico de la relaci{\'o}n secuencia-estructura en modelos simples de prote{\'i}nas}}",
	year = "1995"
}

@inproceedings{afa1995,
	author = "C. Stoico and M. Carlevaro and F. Vericat",
	note = "80$^a$ Reuni{\'o}n Nacional de F{\'i}sica. S. C. de Bariloche, octubre.",
	title = "{\textit{Percolaci{\'o}n continua en fluidos dipolares}}",
	year = "1995"
}

@inproceedings{caf1994,
	author = "M. Carlevaro and M. Bertoluzzo and S. Bertoluzzo and J. Luisetti and C. Gatti",
	note = "X Congreso Argentino de Fisicoqu{\'i}mica. San Luis, noviembre.",
	title = "{\textit{N{\'u}mero de sitios activos y dimensi{\'o}n fractal de agregados obtenidos por simulaci{\'o}n de agregaci{\'o}n limitada por difusi{\'o}n de part{\'i}culas coloidales}}",
	year = "1994"
}

@inproceedings{afa1994,
	author = "M. Carlevaro and S. Bertoluzzo and M. Spengler and M. Bertoluzzo",
	note = "79$^a$ Reuni{\'o}n Nacional de F{\'i}sica. Villa Giardino, C{\'o}rdoba, octubre.",
	title = "{\textit{Aplicaci{\'o}n del modelo fractal a la sedimentaci{\'o}n de eritrocitos}}",
	year = "1994"
}

@inproceedings{cdu2013,
	author = "G. Schenoni and P. Monz{\'o}n and M. Carlevaro",
	note = "Congreso en Docencia Universitaria, Universidad de Buenos Aires. Ciudad Aut{\'o}noma de Buenos Aires, 17 -- 18 de octubre.",
	title = "{\textit{Implementaci{\'o}n de situaciones problem{\'a}ticas abiertas en las pr{\'a}cticas de f{\'i}sica b{\'a}sica para ingenieros}}",
	year = "2013"
}

@inproceedings{jein2012,
	author = "M. Carlevaro and P. Monz{\'o}n and G. Schenoni",
	note = "Jornadas de Ense{\~n}anza de la Ingenier{\'i}a - \textit{JEIN} 2012, Universidad Tecnol{\'o}gica Nacional Regional San Nicol{\'a}s. San Nicol{\'a}s, 2 -- 3 de agosto.",
	title = "{\textit{Presentaci{\'o}n de avance de PID: Dise{\~n}o, implementaci{\'o}n y evaluaci{\'o}n de situaciones problem{\'a}ticas abiertas en f{\'i}sica b{\'a}sica para ingenieros}}",
	year = "2012"
}

@inproceedings{rueda2010,
	author = "M. Carlevaro and R. Cicala and K. Cuzzani and P. Monz{\'o}n and G. Schenoni and G. Spielmann",
	note = "V Seminario Internacional de la Red Universitaria de Educaci{\'o}n a Distancia. Tandil, 20 -- 22 de septiembre",
	title = "{\textit{An{\'a}lisis de un entorno virtual para la ense{\~n}anza y el aprendizaje de la F{\'i}sica Universitaria}}",
	year = "2010"
}

@inproceedings{ref2009,
	author = "G. Schenoni and P. Monz{\'o}n and M. Carlevaro",
	note = "XVI Reuni{\'o}n Nacional de Educaci{\'o}n en la F{\'i}sica, San Juan, 19 -- 23 de octubre.",
	title = "{\textit{Un primer an{\'a}lisis de la participaci{\'o}n de alumnos en un foro Virtual de f{\'i}sica en carreras de ingenier{\'i}a}}",
	year = "2009"
}

@inproceedings{afa2009a,
	author = "C. M. Carlevaro and L. A. Pugnaloni and O. Chara and P. Bergero",
	note = "94$^a$ Reuni{\'o}n Nacional de la Asociaci{\'o}n F{\'i}sica Argentina, Rosario, 14 -- 18 de septiembre.",
	title = "{\textit{CienciaNet: Portal de noticias cient{\'i}ficas en Argentina}}",
	year = "2009"
}

@inproceedings{afa2008a,
	author = "Manuel Carlevaro and Osvaldo Chara and Luis A. Pugnaloni",
	note = "93$^a$ Reuni{\'o}n Nacional de F{\'i}sica de la Asociaci{\'o}n F{\'i}sica Argentina y XI$^{\circ}$ Reuni{\'o}n de la Sociedad Uruguaya de F{\'i}sica, Buenos Aires, 15 -- 19 de septiembre.",
	title = "{\textit{CienciaNet: ?`C{\'o}mo contar al p{\'u}blico qu{\'e} hacen los cient{\'i}ficos en Argentina?}}",
	year = "2008"
}

@inproceedings{snct1994,
	author = "M. Carlevaro and S. Bertoluzzo and M. Bertoluzzo and J. Luisetti and C. Gatti",
	note = "II Simposio Nacional sobre la Ense{\~n}anza de las Ciencias y la Tecnolog{\'i}a. Buenos Aires, julio",
	title = "{\textit{La naturaleza fractal de la agregaci{\'o}n limitada por difusi{\'o}n}}",
	year = "1994"
}

@inproceedings{sab1996a,
	author = "M. Carlevaro and C. Stoico and F. Vericat",
	note = "XXVa Reuni{\'o}n Anual de la Sociedad Argentina de Biof{\'i}sica. S. C. de Bariloche, noviembre.",
	title = "{\textit{Estudio de la relaci{\'o}n secuencia-estructura en heteropol{\'i}meros de dos letras: teor{\'i}a y simulaci{\'o}n}}",
	year = "1996"
}

@inproceedings{trefemac2014a,
	author = "M. Carlevaro and E. Goldberg and L. Pugnaloni",
	note = "XII Congreso Regional de F{\'i}sica Estad{\'i}stica y Aplicaciones a la Materia Condensada. Bah{\'i}a Blanca, 7 -- 9 de mayo.",
	title = "{\textit{Flujo de part{\'i}culas disipativas poligonales a trav{\'e}s de constricciones}}",
	year = "2014"
}

@inproceedings{trefemac2014b,
	author = "M. Carlevaro and R. M. Irastorza and A. G. Meyra and G. J. Zarragoicoechea",
	note = "XII Congreso Regional de F{\'i}sica Estad{\'i}stica y Aplicaciones a la Materia Condensada. Bah{\'i}a Blanca, 7 -- 9 de mayo.",
	title = "{\textit{An{\'a}lisis de las relaciones entre la conductividad hidr{\'a}ulica y las propiedades morfol{\'o}gicas/topol{\'o}gicas en medios porosos}}",
	year = "2014"
}

@inproceedings{afa2014a,
	author = "E. Goldberg and C.M. Carlevaro and L.A. Pugnaloni",
	language = "spanish",
	note = "99$^{\circ}$ Reuni{\'o}n Nacional de la Asociaci{\'o}n F{\'i}sica Argentina. Tandil, Buenos Aires, 22 -- 25 de septiembre.",
	title = "{\textit{Descarga de silos: efecto de la forma de grano}}",
	year = "2014"
}

@inproceedings{afa2014b,
	author = "C.O. Stoico and C.M. Carlevaro and D.G. Renzi and F. Vericat",
	language = "spanish",
	note = "99$^{\circ}$ Reuni{\'o}n Nacional de la Asociaci{\'o}n F{\'i}sica Argentina. Tandil, Buenos Aires, 22 -- 25 de septiembre.",
	title = "{\textit{Teor{\'i}a variacional para una mezcla de fermiones en 2-D}}",
	year = "2014"
}

@inproceedings{afa2014c,
	author = "R.M. Irastorza and C.M. Carlevaro and F. Vericat",
	language = "spanish",
	note = "99$^{\circ}$ Reuni{\'o}n Nacional de la Asociaci{\'o}n F{\'i}sica Argentina. Tandil, Buenos Aires, 22 -- 25 de septiembre.",
	title = "{\textit{Tomograf{\'i}a de microondas en tejido {\'o}seo: un estudio de simulaci{\'o}n}}",
	year = "2014"
}

@inproceedings{aps2014,
	author = "Lou Kondic and Luis Pugnaloni and Manuel Carlevaro and Miroslav Kramar and Konstantin Mischaikow",
	journal = "Bulletin of the American Physical Society",
	note = "67th Annual Meeting of the APS Division of Fluid Dynamics. San Francisco, California. 23 - 25 de noviembre.",
	publisher = "American Physical Society",
	title = "{\textit{Influence of particle shape on properties of force networks in particulate systems}}",
	volume = "59",
	year = "2014"
}

@inproceedings{fluidos2014,
	author = "Manuel Carlevaro and Ramiro Irastorza and Ariel Meyra and Victor Kuz and Guillermo Zarragoicoechea",
	note = "XIII Reuni{\'o}n sobre Recientes Avances en F{\'i}sica de Fluidos y sus Aplicaciones. Tandil, 5 -- 7 de noviembre.",
	title = "{\textit{Teor{\'i}a de grafos y redes espaciales complejas aplicadas al estudio de la conductividad hidr{\'a}ulica en medios porosos}}",
	year = "2014"
}

@inproceedings{trefemac2015,
	author = "C. M. Carlevaro and R. M. Irastorza and A. G. Meyra and G. J. Zarragoicoechea",
	note = "XIII Congreso Regional de F{\'i}sica Estad{\'i}stica y Aplicaciones a la Materia Condensada. Reyunos, San Rafael, 6 -- 8 de mayo.",
	title = "{\textit{Flujo en medios porosos, efecto de la distribuci{\'o}n de tama{\~n}os de poros en la permeabilidad}}",
	year = "2015"
}

@inproceedings{afa2015a,
	author = "C.M. Carlevaro and R.M. Irastorza and F. Vericat",
	language = "spanish",
	note = "100$^{\circ}$ Reuni{\'o}n Nacional de la Asociaci{\'o}n F{\'i}sica Argentina. Villa de Merlo, San Luis, 22 -- 25 de septiembre.",
	title = "{\textit{Representaci{\'o}n del c{\'o}digo gen{\'e}tico mediante cuaterniones}}",
	year = "2015"
}

@inproceedings{afa2015b,
	author = "J.E. Fajardo and C.M. Carlevaro and R.M. Irastorza and F. Vericat",
	language = "spanish",
	note = "100$^{\circ}$ Reuni{\'o}n Nacional de la Asociaci{\'o}n F{\'i}sica Argentina. Villa de Merlo, San Luis, 22 -- 25 de septiembre.",
	title = "{\textit{Dise{\~n}o y construcci{\'o}n de prototipo para la medici{\'o}n percut{\'a}nea in vivo de conductividad y difusividad t{\'e}rmica de tejidos {\'o}seos}}",
	year = "2015"
}

@inproceedings{usrockmecha2015,
	author = "M.E. Fern{\'a}ndez and M. Baldini and L.A. Pugnaloni and M. S{\'a}nchez and A.R. Guzzetti and C.M. Carlevaro",
	booktitle = "{49th US Rock Mechanics/Geomechanics Symposium}",
	language = "english",
	organization = "American Rock Mechanics Association",
	title = "{\textit{Proppant Transport and Settling in a Narrow Vertical Wedge-Shaped Fracture}}",
	year = "2015"
}

@inproceedings{latammathmodel2015,
	author = "H.A Alvarez and C.M. Carlevaro and P. Schwarzbaum and O. Chara",
	language = "english",
	note = "{Latin American Conference on Mathematical Modeling of Biological Systems. Buenos Aires, 1 -- 4 de diciembre}",
	title = "{\textit{Fractal cell volume regulation}}",
	year = "2015"
}

@inproceedings{afa2016,
	author = "J.E. Fajardo and C.M. Carlevaro and F. Vericat and R.M. Irastorza",
	language = "spanish",
	note = "101$^{\circ}$ Reuni{\'o}n Nacional de la Asociaci{\'o}n F{\'i}sica Argentina. San Miguel de Tucumán, Tucumán, 4 -- 7 de octubre.",
	title = "{\textit{Modelo realista de tomografía de microondas en el calcáneo}}",
	year = "2016"
}

@inproceedings{trefemac2017a,
	author = "E. Goldberg and C.M. Carlevaro and L. Pugnaloni",
	language = "spanish",
	note = "XV Congreso Regional de F{\'i}sica Estad{\'i}stica y Aplicaciones a la Materia Condensada. Santa Rosa, La Pampa, 3 -- 5 de mayo.",
	title = "{\textit{Atascamiento de granos poligonales al fluir por una abertura}}",
	year = "2017"
}

@inproceedings{trefemac2017b,
	author = "C. Stoico and D. Renzi and C.M. Carlevaro and F. Vericat",
	language = "spanish",
	note = "XV Congreso Regional de F{\'i}sica Estad{\'i}stica y Aplicaciones a la Materia Condensada. Santa Rosa, La Pampa, 3 -- 5 de mayo.",
	title = "{\textit{Funci\'on de distribuci\'on de pares dependiente del tiempo para un fluido de Lennard-Jones}}",
	year = "2017"
}

@inproceedings{pyg2017,
	author = {{Goldberg, Ezequiel} and {Carlevaro, C. Manuel} and {Pugnaloni, Luis A.}},
	title = {Effect of grain shape on the jamming of two-dimensional silos},
	DOI= "10.1051/epjconf/201714006009",
	url= "https://doi.org/10.1051/epjconf/201714006009",
	journal = {EPJ Web Conf.},
	note = "Powders \& Grains. Montpellier, Francia, 3 -- 7 de julio.",
	year = 2017,
	volume = 140,
	pages = "06009",
}

@inproceedings{afa2017a,
	author = "J.E. Fajardo Freites and C.M. Carlevaro and F. Vericat and R.M. Irastorza",
	language = "spanish",
	note = "102$^{\circ}$ Reuni{\'o}n Nacional de la Asociaci{\'o}n F{\'i}sica Argentina. La Plata, Buenos Aires, 26 -- 29 de septiembre.",
	title = "{\textit{Medición mínimamente invasiva de conductividad y difusividad térmica de tejido óseo}}",
	year = "2017"
}

@inproceedings{afa2017b,
	author = "L.A. Pugnaloni and C.M. Carlevaro and M. Kram\'{a}r and K. Mischaikow and L. Kondic",
	language = "spanish",
	note = "102$^{\circ}$ Reuni{\'o}n Nacional de la Asociaci{\'o}n F{\'i}sica Argentina. La Plata, Buenos Aires, 26 -- 29 de septiembre.",
	title = "{\textit{Redes de fuerzas en empaquetamientos de discos y pentágonos sometidos a golpes: agregados y correlaciones}}",
	year = "2017"
}

@inproceedings{afa2017c,
	author = "M. Carlevaro and C. Stoico and D. Renzi and F. Vericat",
	language = "spanish",
	note = "102$^{\circ}$ Reuni{\'o}n Nacional de la Asociaci{\'o}n F{\'i}sica Argentina. La Plata, Buenos Aires, 26 -- 29 de septiembre.",
	title = "{\textit{Estudio de agregados físicos en un fluido de Lennard-Jones}}",
	year = "2017"
}

@inproceedings{sabi2017,
	author = "J. Fajardo and F. Vericat  and C.M. Carlevaro and R.M. Irastorza",
	language = "spanish",
	note = "XXI Congreso Argentino de Bioingeniería. Córdoba, 25 -- 27 de octubre.",
	title = "{\textit{Effects of cancellous bone dielectric variability on microwaves detection feasibility. A simulation study}}",
	year = "2017"
}

@inproceedings{trefemac2018a,
	author = "E. Goldberg and C.M. Carlevaro and L. Pugnaloni",
	language = "spanish",
	note = "XVI Congreso Regional de F{\'i}sica Estad{\'i}stica y Aplicaciones a la Materia Condensada. Mar del Plata, Buenos Aires, 9 -- 11 de mayo.",
	title = "{\textit{Análisis de arcos en atascamientos de silos 2D}}",
	year = "2018"
}

@inproceedings{trefemac2018b,
	author = "C. Stoico and D. Renzi and M. Carlevaro and F. Vericat",
	language = "spanish",
	note = "XVI Congreso Regional de F{\'i}sica Estad{\'i}stica y Aplicaciones a la Materia Condensada. Mar del Plata, Buenos Aires, 9 -- 11 de mayo.",
	title = "{\textit{Función de distribución de pares dependiente del tiempo para tiempos largos}}",
	year = "2018"
}

@inproceedings{trefemac2018c,
	author = "H.R. Sánchez and R.M. Irastorza and M. Carlevaro",
	language = "spanish",
	note = "XVI Congreso Regional de F{\'i}sica Estad{\'i}stica y Aplicaciones a la Materia Condensada. Mar del Plata, Buenos Aires, 9 -- 11 de mayo.",
	title = "{\textit{Incertidumbres de permitividades calculadas vía simulaciones de dinámica molecular y corrección por temperatura de propiedades dieléctricas de sistemas polares}}",
	year = "2018"
}

@inproceedings{afa2018a,
	author = "J.E. Fajardo and F. Ayala and F. Vericat and C.M. Carlevaro and R.M. Irastorza",
	language = "spanish",
	note = "103$^{\circ}$ Reuni{\'o}n Nacional de la Asociaci{\'o}n F{\'i}sica Argentina. Ciudad Autónoma de Buenos Aires, 17 -- 21 de septiembre.",
	title = "{\textit{Microestructura y propiedades  t{\'e}rmicas de hueso trabecular: mediciones y simulaciones computacionales}}",
	year = "2018"
}

@inproceedings{afa2018b,
	author = "F. Lotto and C.M. Carlevaro",
	language = "spanish",
	note = "103$^{\circ}$ Reuni{\'o}n Nacional de la Asociaci{\'o}n F{\'i}sica Argentina. Ciudad Autónoma de Buenos Aires, 17 -- 21 de septiembre.",
	title = "{\textit{Estimación de datos faltantes mediante Redes Neuronales Artificiales Multicapa: aplicaciones en Morfometría Geométrica}}",
	year = "2018"
}

@inproceedings{afa2018c,
	author = "F.G. Vega and C.M. Carlevaro and M. Sánchez and L.A. Pugnaloni",
	language = "spanish",
	note = "103$^{\circ}$ Reuni{\'o}n Nacional de la Asociaci{\'o}n F{\'i}sica Argentina. Ciudad Autónoma de Buenos Aires, 17 -- 21 de septiembre.",
	title = "{\textit{Desestabilización de agente de sostén en reservorios no convencionales: Un estudio mediante CFD-DEM}}",
	year = "2018"
}

@inproceedings{afa2018d,
	author = "D.G. Renzi and C.O. Stoico and C.M. Carlevaro and F. Vericat",
	note = "103$^{\circ}$ Reuni{\'o}n Nacional de la Asociaci{\'o}n F{\'i}sica Argentina. Ciudad Autónoma de Buenos Aires, 17 -- 21 de septiembre.",
	title = "{\textit{Transición gas-liquido descripta con agregados fı́sicos para un fluido de Lennard-Jones}}",
	year = "2018"
}
@inproceedings{swgm2018,
	author = "C.M. Carlevaro and E. Goldberg and L. Pugnaloni",
	language = "english",
	note = "Southern Workshop on Granular Materials 2018. Puerto Varas, Chile, 3 -- 6 de diciembre.",
	title = "{\textit{Discharge of two-dimensional silos: Flow and clogging of polygonal grains studied by DEM}}",
	year = "2018"
}

@inproceedings{pepsI2019,
	author = "C.M. Carlevaro and M. Madrid and L. Pugnaloni and M. Kuperman and S. Bouzat",
	language = "english",
	note = "Granular Materials: From Physical Experiments to Planetary Science. La Plata, 4 de julio.",
	title = "{\textit{Flow of grain mixtures with magnetic interactions through constrictions}}",
	year = "2019"
}

@inproceedings{tgf2019,
	author = "E. Goldberg and C.M. Carlevaro and L.A. Pugnaloni",
	language = "english",
	note = "Traffic and Granular Flow. Pamplona, 2 -- 5 de julio.",
	title = "{\textit{Flow and clogging of polygonal grains}}",
	year = "2019"
}

@inproceedings{statphys19a,
	author = "R. Kozlowski and M. Carlevaro and H. Zheng and L. Kondic and L.A. Pugnaloni and K. Daniels and J.E.S. Socolar",
	language = "english",
	note = "StatPhys 27. Buenos Aires, 8 -- 12 de julio.",
	title = "{\textit{Stick-slip dynamics of an intruder in a pack of disks: Effect of the substrate friction and packing fraction.}}",
	year = "2019"
}

@inproceedings{statphys19b,
	author = "M.A. Madrid and S. Bouzat and M. Carlevaro and L.A. Pugnaloni and M. Kuperman",
	language = "english",
	note = "StatPhys 27. Buenos Aires, 8 -- 12 de julio.",
	title = "{\textit{Clogging of particle mixtures trough narrow apertures: Effect of magnetic interactions}}",
	year = "2019"
}

@inproceedings{afa2019,
	author = "M. Petri and G. Vatalaro and M. Fernández and M. Carlevaro",
	language = "spanish",
	note = "104$^{\circ}$ Reuni{\'o}n Nacional de la Asociaci{\'o}n F{\'i}sica Argentina. Santa Fe, 30 de septiembre  -- 3 de octubre.",
	title = "{\textit{Descarga de silo bidimensional con polígonos irregulares}}",
	year = "2019"
}

@inproceedings{afa2019b,
	author = "F.G. Vega and C.M. Carlevaro and M. Sánchez and L.A. Pugnaloni",
	note = "104$^{\circ}$ Reuni{\'o}n Nacional de la Asociaci{\'o}n F{\'i}sica Argentina. Santa Fe, 30 de septiembre  -- 3 de octubre.",
	title = "{\textit{Estudio de la estabilidad de partı́culas confinadas bajo presión en reservorios no convencionales mediante simulaciones CFDEM}}",
	year = "2019"
}

@inproceedings{apsmm2020a,
	author = "R. Kozlowski and C.M. Carlevaro and K. Daniels and L. Kondic and L.A. Pugnaloni and J. Socolar and H. Zheng and R. Behringer",
	language = "english",
	note = "American Physical Society March Meeting 2020. Denver, Colorado, USA, 2 -- 6 de marzo.",
	title = "{\textit{Stick-slip and intermittent flow dynamics of a single-grain intruder driven through a granular medium with and without basal friction}}",
	year = "2020"
}

@inproceedings{apsmm2020b,
	author = "J. Socolar and C.M. Carlevaro and L.A. Pugnaloni and R. Kozlowski and H. Zheng and L. Kondic",
	language = "english",
	note = "American Physical Society March Meeting 2020. Denver, Colorado, USA, 2 -- 6 de marzo.",
	title = "{\textit{Intruder dynamics in a 2D granular system: Effects of dynamic and static basal friction}}",
	year = "2020"
}

@inproceedings{afa2020a,
	author = "M. Madrid and R.M. Irastorza and A.G. Meyra and Manuel Carlevaro",
	note = "105$^{\circ}$ Reuni{\'o}n Nacional de la Asociaci{\'o}n F{\'i}sica Argentina. Córdoba (Webinar), 21 -- 24 de septiembre.",
	title = "{\textit{Autoensamblado de material granular vibrado}}",
	year = "2020"
}

@inproceedings{afa2020b,
	author = "M. Madrid and S. Bouzat and M. Carlevaro and L.A. Pugnaloni and M. Kuperman",
	note = "105$^{\circ}$ Reuni{\'o}n Nacional de la Asociaci{\'o}n F{\'i}sica Argentina. Córdoba (Webinar), 21 -- 24 de septiembre.",
	title = "{\textit{Efecto de las interacciones magnéticas y el tamaño de granos en el flujo de mezcla de partículas a través de estrechamientos}}",
	year = "2020"
}


@inproceedings{cucuta2020,
	author = "R. Espinosa Silva and M. Carlevaro",
	note = "7th International Week of Science, Technology and Innovation. Cúcuta, Colombia, 6 -- 9 de octubre.",
	title = "{\textit{Physical properties of lipid bilayer to study amyloidogenesis}}",
	year = "2020"
}
